<?xml version="1.0" encoding="UTF-8" ?>
<record Numero="13923573" format="InterXMarc_Complet" type="Authority">
<leader>00927c1 au22000272  45  <Pos Code="0004">00927</Pos>
<Pos Code="05" Sens="notice modifiée">c</Pos>
<Pos Code="06" Sens="notice validée en catalogage courant">1</Pos>
<Pos Code="08" Sens="notice d&apos;autorité">a</Pos>
<Pos Code="09" Sens="titre uniforme musical (TUM)">u</Pos>
<Pos Code="10">2</Pos>
<Pos Code="11">2</Pos>
<Pos Code="1216">00027</Pos>
<Pos Code="17" Sens="autres cas">2</Pos>
<Pos Code="20">4</Pos>
<Pos Code="21">5</Pos>
</leader>
<controlfield tag="001">FRBNF139235736<Pos Code="0001">FR</Pos>
<Pos Code="0204">BNF</Pos>
<Pos Code="0512">13923573</Pos>
<Pos Code="13">6</Pos>
</controlfield>
<controlfield tag="008">900115071012yy    su                  1730                   1   <Pos Code="0001">90</Pos>
<Pos Code="0203">01</Pos>
<Pos Code="0405">15</Pos>
<Pos Code="0607">07</Pos>
<Pos Code="0809">10</Pos>
<Pos Code="1011">12</Pos>
<Pos Code="1213" Sens="ne s&apos;applique pas">yy</Pos>
<Pos Code="1820">su </Pos>
<Pos Code="3841">1730</Pos>
<Pos Code="61" Sens="La vedette peut être liée à une notice bibliographique sauf pour l&apos;accès matière RAMEAU">1</Pos>
</controlfield>
<datafield tag="048" ind1=" " ind2=" ">
	<subfield code="a">kc01<Pos Code="0001" Sens="clavier - clavecin">kc</Pos>
<Pos Code="02">0</Pos>
<Pos Code="03">1</Pos>
</subfield>
</datafield>
<datafield tag="100" ind1=" " ind2=" ">
	<subfield code="3">13892793</subfield>
	<subfield code="w"> 0  b     </subfield>
	<subfield code="a">Couperin</subfield>
	<subfield code="m">François</subfield>
	<subfield code="d">1668-1733</subfield>
</datafield>
<datafield tag="144" ind1="1" ind2=" ">
	<subfield code="w">....b.fre.</subfield>
	<subfield code="a">Ordres</subfield>
	<subfield code="b">Clavecin</subfield>
	<subfield code="n">No 25</subfield>
	<subfield code="t">Mi bémol majeur, do majeur et mineur</subfield>
</datafield>
<datafield tag="302" ind1=" " ind2=" ">
	<subfield code="3">14811168</subfield>
	<subfield code="a">Couperin</subfield>
	<subfield code="m">François</subfield>
	<subfield code="d">1668-1733</subfield>
	<subfield code="t" Barre="4">[La visionnaire (Pièce de clavecin)]</subfield>
</datafield>
<datafield tag="302" ind1=" " ind2=" ">
	<subfield code="3">14811162</subfield>
	<subfield code="a">Couperin</subfield>
	<subfield code="m">François</subfield>
	<subfield code="d">1668-1733</subfield>
	<subfield code="t" Barre="4">[La mystérieuse]</subfield>
</datafield>
<datafield tag="302" ind1=" " ind2=" ">
	<subfield code="3">14811166</subfield>
	<subfield code="a">Couperin</subfield>
	<subfield code="m">François</subfield>
	<subfield code="d">1668-1733</subfield>
	<subfield code="t" Barre="4">[La Monflambert]</subfield>
</datafield>
<datafield tag="302" ind1=" " ind2=" ">
	<subfield code="3">14811169</subfield>
	<subfield code="a">Couperin</subfield>
	<subfield code="m">François</subfield>
	<subfield code="d">1668-1733</subfield>
	<subfield code="t" Barre="4">[La muse victorieuse]</subfield>
</datafield>
<datafield tag="302" ind1=" " ind2=" ">
	<subfield code="3">14811164</subfield>
	<subfield code="a">Couperin</subfield>
	<subfield code="m">François</subfield>
	<subfield code="d">1668-1733</subfield>
	<subfield code="t" Barre="5">[Les ombres errantes]</subfield>
</datafield>
<datafield tag="502" ind1=" " ind2=" ">
	<subfield code="3">14812351</subfield>
	<subfield code="a">Couperin</subfield>
	<subfield code="m">François</subfield>
	<subfield code="d">1668-1733</subfield>
	<subfield code="t">[Pièces de clavecin. Livre 4]</subfield>
</datafield>
<datafield tag="600" ind1=" " ind2=" ">
	<subfield code="a">Comprend : &quot;La visionaire&quot;, &quot;La mistérieuse&quot;, &quot;La Monflambert&quot;, &quot;La muse victorieuse&quot;, &quot;Les ombres errantes&quot;</subfield>
</datafield>
<datafield tag="610" ind1=" " ind2=" ">
	<subfield code="a">Cauchie, Couperin</subfield>
</datafield>
<datafield tag="917" ind1=" " ind2=" ">
	<subfield code="o">OPC</subfield>
	<subfield code="a">100538760</subfield>
</datafield>
<datafield tag="917" ind1=" " ind2=" ">
	<subfield code="o">OPD</subfield>
	<subfield code="a">100347330</subfield>
	<subfield code="b">ATUM</subfield>
</datafield>
<datafield tag="996" ind1=" " ind2=" ">
	<subfield code="o">OPP</subfield>
	<subfield code="a">14810526</subfield>
	<subfield code="d">20071012</subfield>
</datafield>
<Alter Ori="13892793">
<datafield tag="400" ind1=" " ind2=" ">
	<subfield code="w">    b     </subfield>
	<subfield code="a">Couperin le grand</subfield>
	<subfield code="d">1668-1733</subfield>
</datafield>
</Alter>
<Attr Nom="IDPerenne">ark:/12148/cb13923573v</Attr>
<Attr Nom="NumSource">OPC 100538760</Attr>
<Attr Nom="Source" Sens="BnF catalogue général (depuis 1999)">A</Attr>
<Attr Nom="NumAutoriteLiee">13892793148111681481116214811166148111691481116414812351</Attr>
<Attr Nom="DateCreation">15/01/ 1990</Attr>
<Attr Nom="ResponsableCreation">MIGV2</Attr>
<Attr Nom="StructCreation">1</Attr>
<Attr Nom="DateDerniereValidation">08/11/ 2010</Attr>
<Attr Nom="ResponsableDerniereValidation">MIGV4</Attr>
<Attr Nom="StructPremiereValidation">1</Attr>
<Attr Nom="DatePremiereValidation">15/01/ 1990</Attr>
<Attr Nom="ResponsablePremiereValidation">MIGV2</Attr>
<Attr Nom="StructDerniereValidation">1</Attr>
<Attr Nom="NumSource" Rep="1">OPD 100347330</Attr>
<Attr Nom="NumSource" Rep="2">OPP 14810526</Attr>
</record>
